@book{martins2015linchamentos,
  title={{Linchamentos: A Justiça Popular do Brasil}},
  author={Martins, José de Souza},
  year={2015},
  publisher={Editora Contexto}
}

@misc{lapop2018brazil,
  title={{O Barómetro das Américas 2018/19 Questionário Brasil 11.2.7.1}},
  author={LAPOP},
  year={2018},
  howpublished={\url{http://datasets.americasbarometer.org/database/files/ABBra18-v11.2.7.1-Por-190322_W.pdf}. Access: June, 2021.}
}

@misc{uol2021bolsonaro,
  title={{`Se Encontrar Ilícito, Mete Fogo', Diz Bolsonaro em Nova Defesa das Armas}},
  author={Ricardo Brito},
  year={2021},
  howpublished={\url{https://noticias.uol.com.br/ultimas-noticias/reuters/2021/05/06/se-encontrar-ilicito-mete-fogo-diz-bolsonaro-em-nova-defesa-das-armas.htm}. Access: May, 2021.}
}

@misc{band2015rocinha,
  title={{Brasil Registra uma Tentativa de Linchamento por Dia}},
  author={Band},
  year={2015},
  howpublished={\url{https://entretenimento.band.uol.com.br/bandfolia/noticias/100000762534/brasil-registra-uma-tentativa-de-linchamento-por-dia-.html}. Access: May, 2021.}
}

@article{sinhoretto2009linchamentos,
  title={{Linchamentos: Inseguran{\c{c}}a e Revolta Popular}},
  author={Sinhoretto, Jacqueline},
  journal={Revista Brasileira de Seguran{\c{c}}a P{\'u}blica},
  volume={3},
  number={1},
  pages={72-92},
  year={2009}
}

@misc{brant2021armas,
  title={{Bolsonaro Pede ao Congresso Prioridade em Projetos sobre Armas e de Autorização para Militar Matar em Serviço}},
  author={Danielle Brant and Renato Machado},
  year={2021},
  howpublished={\url{https://folha.com/vb20iw1l}. Access: May, 2021.}
}

@misc{datafolha2018penademorte,
  title={{Apoio à Pena de Morte no Brasil é a Mais Alta desde 1991}},
  author={Datafolha},
  year={2018},
  howpublished={\url{https://datafolha.folha.uol.com.br/opiniaopublica/2018/01/1948797-apoio-a-pena-de-morte-no-brasil-e-a-mais-alta-desde-1991.shtml}. Access: May, 2021.}
}

@misc{jovempan2018roubos,
  title={{Polícia Só Esclareceu 4\% dos Crimes no Estado de São Paulo em 2018}},
  author={Rafael Iglesias},
  year={2018},
  howpublished={\url{https://jovempan.com.br/noticias/brasil/policia-so-esclareceu-4-dos-crimes-no-estado-de-sao-paulo-em-2018.html}. Access: May, 2021.}
}

@misc{watson2020blm,
  title={{Brazil's Racial Reckoning: `Black Lives Matter Here, Too'}},
  author={Katy Watson},
  year={2020},
  howpublished={\url{https://www.bbc.com/news/world-latin-america-53484698}. Access: January, 2020.}
}

@book{skarbek2014social,
  title={{The Social Order of the Underworld: How Prison Gangs Govern the American Penal System}},
  author={Skarbek, David},
  year={2014},
  publisher={Oxford University Press}
}

@article{cook2012converging,
  title={{Converging to a National Lynching Database: Recent Developments and the Way Forward}},
  author={Cook, Lisa D},
  journal={Historical Methods: A Journal of Quantitative and Interdisciplinary History},
  volume={45},
  number={2},
  pages={55--63},
  year={2012},
  publisher={Taylor \& Francis}
}

@misc{moura2017linchamentos,
  title={{Linchamentos: Quando a População Vira Júri, Juiz e Executor}},
  author={Moura, Isabella Mayer de},
  year={2017},
  howpublished={\url{https://www.gazetadopovo.com.br/ideias/linchamentos-quando-a-populacao-vira-juri-juiz-e-executor-0ro2p3noxihablo8pyh2rohzh}. Access: August, 2020.}
}

@article{godoy2004justice,
  title={{When ``Justice'' is Criminal: Lynchings in Contemporary Latin America}},
  author={Godoy, Angelina Snodgrass},
  journal={Theory and Society},
  volume={33},
  number={6},
  pages={621--651},
  year={2004},
  publisher={Springer}
}

@article{holland2013right,
  title={{Right on Crime? Conservative Party Politics and ``Mano Dura'' Policies in El Salvador}},
  author={Holland, Alisha C},
  journal={Latin American Research Review},
  pages={44--67},
  volume={48},
  number={1},
  year={2013},
  publisher={JSTOR}
}

@misc{dn2019baratas,
  title={{``Vão Morrer na Rua como Baratas''. Bolsonaro Quer Eliminar Punição para Quem Atirar contra Criminosos}},
  author={{Diário de Notícias}},
  year={2019},
  howpublished={\url{https://www.dn.pt/mundo/presidente-brasileiro-quer-eliminar-punicao-de-quem-atirar-contra-criminosos-11184042.html}. Access: July, 2022.}
}

@misc{barbara2015vigilantes,
  title={{Brazil's Vigilante Lynchings}},
  author={Vanessa Barbara},
  year={2015},
  howpublished={\url{http://nytimes.com/2015/08/14/opinion/vanessa-barbara-brazil-vigilante-lynchings.html}. Access: June, 2020.}
}

@misc{mallen2014vigilantes,
  title={{As Mexico Cracks Down, Vigilantes Are On The Rise In Latin America}},
  author={Patricia Mallén},
  year={2014},
  howpublished={\url{https://www.ibtimes.com/mexico-cracks-down-vigilantes-are-rise-latin-america-1573156}. Access: June, 2020.}
}

@misc{garcia2019anger,
  title={{Anger and Support for Retribution in Mexico's Drug War}},
  author={Garc{\'\i}a-Ponce, Omar and Young, Lauren and Zeitzoff, Thomas},
  year={2019},
  howpublished={\url{http://www.laurenelyssayoung.com/wp-content/uploads/2018/08/Mexico_ViolenceAnger_Article_v4.pdf}. Access: June, 2020.}
}

@misc{oliveira2016mob,
  title={{Brazil Grapples with Lynch Mob Epidemic: `A Good Criminal is a Dead Criminal'}},
  author={Oliveira, Cleuci},
  year={2016},
  howpublished={\url{https://www.theguardian.com/world/2016/dec/06/brazil-lynch-mobs-vigilante-justice-fortaleza}. Access: June, 2020.}
}

@misc{phillips2018homicides,
  title={{'A Devastating Scenario': Brazil Sets New Record for Homicides at 63,880 Deaths}},
  author={Dom Phillips},
  year={2018},
  howpublished={\url{https://www.theguardian.com/world/2018/aug/09/brazil-sets-new-record-for-homicides-63880-deaths}. Access: June, 2020.}
}

@misc{pearson2018latam,
  title={{In Latin America, Awash in Crime, Citizens Impose Their Own Brutal Justice}},
  author={Samantha Pearson and Luciana Magalhaes},
  year={2018},
  howpublished={\url{https://www.wsj.com/articles/in-a-continent-awash-in-crime-citizens-impose-their-own-brutal-justice-1544110959}. Access: June, 2020.}
}

@book{zechmeister2014political,
  title={{The Political Culture of Democracy in the Americas, 2014: Democratic Governance across 10 Years of the AmericasBarometer}},
  author={Zechmeister, Elizabeth J},
  year={2014},
  publisher={LAPOP/Vanderbilt University}
}

@article{zizumbo2017community,
  title={{Community, Authorities, and Support for Vigilantism: Experimental Evidence}},
  author={Zizumbo-Colunga, Daniel},
  journal={Political Behavior},
  volume={39},
  number={4},
  pages={989--1015},
  year={2017},
  publisher={Springer}
}

@article{ceobanu2011crime,
  title={{Crime Victimization and Public Support for Democracy: Evidence from Latin America}},
  author={Ceobanu, Alin M and Wood, Charles H and Ribeiro, Ludmila},
  journal={International Journal of Public Opinion Research},
  volume={23},
  number={1},
  pages={56--78},
  year={2011},
  publisher={Oxford University Press}
}

@book{smith2019contradictions,
  title={{Contradictions of Democracy: Vigilantism and Rights in Post-Apartheid South Africa}},
  author={Smith, Nicholas Rush},
  year={2019},
  publisher={New York: Oxford University Press}
}

@incollection{arias2010violent,
  title={{Violent Pluralism: Understanding the New Democracies of Latin America}},
  author={Arias, Enrique Desmond and Goldstein, Daniel M},
  journal={Violent Democracies in Latin America},
  editor={Enrique D. Arias and Daniel M. Goldstein},
  booktitle={Violent Democracies in Latin America},
  year={2010},
  publisher={Durham: Duke University Press}
}

@article{nivette2016institutional,
  title={{Institutional Ineffectiveness, Illegitimacy, and Public Support for Vigilantism in Latin America}},
  author={Nivette, Amy E},
  journal={Criminology},
  volume={54},
  number={1},
  pages={142--175},
  year={2016},
  publisher={Wiley Online Library}
}

@article{schuberth2013challenging,
  title={{Challenging the Weak States Hypothesis: Vigilantism in South Africa and Brazil}},
  author={Schuberth, Moritz},
  journal={Journal of Peace, Conflict \& Development},
  volume={April},
  number={20},
  pages={38--51},
  year={2013}
}

@article{moncada2017varieties,
  title={{Varieties of Vigilantism: Conceptual Discord, Meaning and Strategies}},
  author={Moncada, Eduardo},
  journal={Global Crime},
  volume={18},
  number={4},
  pages={403--423},
  year={2017},
  publisher={Taylor \& Francis}
}

@article{black1983crime,
  title={{Crime As Social Control}},
  author={Black, Donald},
  journal={American Sociological Review},
  volume={48},
  number={1},
  pages={34--45},
  year={1983}
}

@misc{leeper2018cregg,
  title = {{cregg: Simple Conjoint Analyses and Visualization}},
  author = {Thomas J. Leeper},
  year = {2018},
  note = {R package version 0.3.0},
  howpublished = {\url{https://thomasleeper.com/cregg}. Access: June, 2020.}
}

@misc{rstats2019,
    title = {{R: A Language and Environment for Statistical Computing}},
    author = {{R Core Team}},
    organization = {R Foundation for Statistical Computing},
    address = {Vienna, Austria},
    year = {2018},
    howpublished = {\url{https://www.R-project.org}. Access: June, 2020.},
  }

@article{leeper2020measuring,
  title={{Measuring Subgroup Preferences in Conjoint Experiments}},
  author={Leeper, Thomas J and Hobolt, Sara B and Tilley, James},
  journal={Political Analysis},
  volume={28},
  number={2},
  pages={207--221},
  year={2020},
  publisher={Cambridge University Press}
}

@misc{leeper2018subgroup,
    title = {{Measuring Subgroup Preferences in Conjoint Experiments}},
    author = {Leeper, Thomas J. and Hobolt, Sara B. and Tilley, James},
    journal = {Political Analysis},
    year = {2018},
    howpublished = {\href{https://bit.ly/2E5oKSq}{\texttt{https://bit.ly/2E5oKSq}}. Access: June, 2020.}
}

@article{smaangs2016doing,
  title={{Doing Violence, Making Race: Southern Lynching and White Racial Group Formation}},
  author={Sm{\aa}ngs, Mattias},
  journal={American Journal of Sociology},
  volume={121},
  number={5},
  pages={1329--1374},
  year={2016},
  publisher={University of Chicago Press Chicago, IL}
}

@book{wood2011lynching,
  title={{Lynching and Spectacle: Witnessing Racial Violence in America, 1890-1940}},
  author={Wood, Amy Louise},
  year={2011},
  publisher={University of North Carolina Press}
}

@book{tolnay1995festival,
  title={{A Festival of Violence: An Analysis of Southern Lynchings, 1882-1930}},
  author={Tolnay, Stewart Emory and Beck, Elwood M},
  year={1995},
  publisher={University of Illinois Press}
}

@misc{zizumbo2010explaining,
  title={{Explaining Support for Vigilante Justice in Mexico}},
  author={Zizumbo-Colunga, Daniel},
  howpublished={\url{https://www.vanderbilt.edu/lapop/insights/I0839en.pdf}. Access: June, 2020.},
  year={2010}
}

@article{cruz2019determinants,
  title={{Determinants of Support for Extralegal Violence in Latin America and the Caribbean}},
  author={Cruz, Jos{\'e} Miguel and Kloppe-Santamar{\'\i}a, Gema},
  journal={Latin American Research Review},
  volume={54},
  number={1},
  pages={50--68},
  year={2019},
  publisher={Latin American Studies Association}
}

@article{sousa2005utilizaccao,
  title={{A Utiliza{\c{c}}{\~a}o da Media{\c{c}}{\~a}o de Conflitos no Processo Judicial}},
  author={Sousa, L{\'\i}lia Almeida},
  journal={Revista do Tribunal Regional Federal da 1a Região},
  volume={17},
  number={1},
  pages={55-64},
  year={2005}
}

@article{pion2017armed,
  title={{Armed Forces, Police and Crime-Fighting in Latin America}},
  author={Pion-Berlin, David and Carreras, Miguel},
  journal={Journal of Politics in Latin America},
  volume={9},
  number={3},
  pages={3--26},
  year={2017},
  publisher={SAGE Publications Sage UK: London, England}
}

@misc{muggah2018mano,
  title={{Mano Dura: The Costs and Benefits of Repressive Criminal Justice for Young People in Latin America}},
  author={Muggah, Robert and Garz{\'o}n, Juan Carlos and Su{\'a}rez, Manuela},
  year={2018},
  publisher={Rio de Janeiro: Igarap{\'e} Institute. https://igarape. org. br/wp-content~…}
}

@article{bateson2020politics,
  title={{The Politics of Vigilantism}},
  author={Bateson, Regina},
  journal={Comparative Political Studies},
  volume={54},
  number={6},pages={0010414020957692},
  year={2020},
  publisher={SAGE Publications Sage CA: Los Angeles, CA}
}

@article{godoy2002lynchings,
  title={{Lynchings and the Democratization of Terror in Postwar Guatemala: Implications for Human Rights}},
  author={Godoy, Angelina Snodgrass},
  journal={Human Rights Quarterly},
  volume={24},
  number={3},
  pages={640--661},
  year={2002},
  publisher={JSTOR}
}

@book{jung2020lynching,
  title={{Lynching and Local Justice: Legitimacy and Accountability in Weak States}},
  author={Jung, Danielle F and Cohen, Dara Kay},
  year={2020},
  publisher={Cambridge University Press}
}

@book{brown1975strain,
  title={{Strain of Violence: Historical Studies of American Violence and Vigilantism}},
  author={Brown, Richard Maxwell},
  year={1975},
  publisher={Oxford University Press}
}

@book{dray2003hands,
  title={{At the Hands of Persons Unknown: The Lynching of Black America}},
  author={Dray, Philip},
  year={2003},
  publisher={Random House Digital, Inc.}
}

@article{obert2018keeping,
  title={{Keeping Vigil: The Emergence of Vigilance Committees in Pre-Civil War America}},
  author={Obert, Jonathan and Mattiacci, Eleonora},
  journal={Perspectives on Politics},
  volume={16},
  number={3},
  pages={600--616},
  year={2018},
  publisher={Cambridge University Press}
}

@article{seguin2019national,
  title={{National Crimes: A New National Data Set of Lynchings in the United States, 1883 to 1941}},
  author={Seguin, Charles and Rigby, David},
  journal={Socius},
  volume={5},
  pages={1--9},
  year={2019},
  publisher={SAGE Publications Sage CA: Los Angeles, CA}
}

@book{godoy2006popular,
  title={{Popular Injustice: Violence, Community, and Law in Latin America}},
  author={Godoy, Angelina Snodgrass},
  year={2006},
  publisher={Stanford University Press}
}

@article{blattman2010civil,
  title={{Civil War}},
  author={Blattman, Christopher and Miguel, Edward},
  journal={Journal of Economic literature},
  volume={48},
  number={1},
  pages={3--57},
  year={2010}
}

@book{arjona2016rebelocracy,
  title={Rebelocracy},
  author={Arjona, Ana},
  year={2016},
  publisher={Cambridge University Press}
}

@article{trejo2021high,
  title={{High-Profile Criminal Violence: Why Drug Cartels Murder Government Officials and Party Candidates in Mexico}},
  author={Trejo, Guillermo and Ley, Sandra},
  journal={British Journal of Political Science},
  volume={51},
  number={1},
  pages={203--229},
  year={2021},
  publisher={Cambridge University Press}
}

@article{barnes2017criminal,
  title={{Criminal Politics: An Integrated Approach to the Study of Organized Crime, Politics, and Violence}},
  author={Barnes, Nicholas},
  journal={Perspectives on Politics},
  volume={15},
  number={4},
  pages={967--987},
  year={2017},
  publisher={Cambridge University Press}
}

@book{north2013shadow,
  title={{In the Shadow of Violence: Politics, Economics, and the Problems of Development}},
  author={North, Douglass C and Wallis, John Joseph and Webb, Steven B and Weingast, Barry R},
  year={2013},
  publisher={Cambridge University Press}
}

@misc{weber2019economy,
  title={{Economy and Society: A New Translation}},
  author={Weber, Max},
  translator={Tribe, Keith},
  year={2019},
  publisher={Harvard University Press}
}

@book{bancroft1887works,
  title={{The Works of Hubert Howe Bancroft: Popular Tribunals. 1887}},
  author={Bancroft, Hubert Howe},
  volume={37},
  year={1887},
  publisher={History Company}
}

@article{mcdowell2007criminal,
  title={{Criminal Law Beyond the State: Popular Trials on the Frontier}},
  author={McDowell, Andrea},
  journal={BYU L. Rev.},
  volume={2007},
  number={2},
  pages={327},
  year={2007},
  publisher={HeinOnline}
}
 
 @article{mcdowell2002commons,
  title={{From Commons to Claims: Property Rights in the California Gold Rush}},
  author={McDowell, Andrea G},
  journal={Yale JL \& Human.},
  volume={14},
  pages={1},
  year={2002},
  publisher={HeinOnline}
}

@book{taniguchi2016dirty,
  title={{Dirty Deeds: Land, Violence, and the 1856 San Francisco Vigilance Committee}},
  author={Taniguchi, Nancy J},
  year={2016},
  publisher={University of Oklahoma Press}
}

@article{findley2020external,
  title={{External Validity}},
  author={Findley, Michael G and Kikuta, Kyosuke and Denly, Michael},
  journal={Annual Review of Political Science},
  year={2020}
}

@article{phillips2017inequality,
  title={{Inequality and the Emergence of Vigilante Organizations: The Case of Mexican Autodefensas}},
  author={Phillips, Brian J},
  journal={Comparative Political Studies},
  volume={50},
  number={10},
  pages={1358--1389},
  year={2017},
  publisher={SAGE Publications Sage CA: Los Angeles, CA}
}

@article{skarbek2020qualitative,
  title={{Qualitative Research Methods for Institutional Analysis}},
  author={Skarbek, David},
  journal={Journal of Institutional Economics},
  volume={16},
  number={4},
  pages={409--422},
  year={2020},
  publisher={Cambridge University Press}
}


@article{lyall2013explaining,
  title={{Explaining Support for Combatants during Wartime: A Survey Experiment in Afghanistan}},
  author={Lyall, Jason and Blair, Graeme and Imai, Kosuke},
  journal={American Political Science Review},
  volume={107},
  number={4},
  year={2013}
}

@book{gerring2016case,
  title={{Case Study Research: Principles and Practices}},
  author={Gerring, John},
  year={2017},
  publisher={Cambridge University Press}
}

@book{nisbett2018culture,
  title={{Culture of Honor: The Psychology of Violence in the South}},
  author={Nisbett, Richard E and Cohen, Dev},
  year={1996},
  publisher={Westview}
}

@book{blair2020peacekeeping,
  title={{Peacekeeping, Policing, and the Rule of Law after Civil War}},
  author={Blair, Robert A},
  year={2020},
  publisher={Cambridge University Press}
}

@article{cox2019violence,
  title={{The Violence Trap: A Political-Economic Approach to the Problems of Development}},
  author={Cox, Gary W and North, Douglass C and Weingast, Barry R},
  journal={Journal of Public Finance and Public Choice},
  volume={34},
  number={1},
  pages={3--19},
  year={2019},
  publisher={Bristol University Press}
}

@article{couttenier2017wild,
  title={{The Wild West is Wild: The Homicide Resource Curse}},
  author={Couttenier, Mathieu and Grosjean, Pauline and Sangnier, Marc},
  journal={Journal of the European Economic Association},
  volume={15},
  number={3},
  pages={558--585},
  year={2017},
  publisher={Oxford University Press}
}

@book{fleisher2009myth,
  title={{The Myth of Prison Rape: Sexual Culture in American Prisons}},
  author={Fleisher, Mark S and Krienert, Jessie L},
  year={2009},
  publisher={Rowman \& Littlefield Publishers}
}

@article{crowder2017new,
  title={{New insights on Cultural Patterns of Suicide in the United States: The Role of Honor Culture}},
  author={Crowder, Marisa K and Kemmelmeier, Markus},
  journal={Cross-Cultural Research},
  volume={51},
  number={5},
  pages={521--548},
  year={2017},
  publisher={Sage Publications Sage CA: Los Angeles, CA}
}

@book{anderson2000code,
  title={{Code of the Street: Decency, Violence, and the Moral Life of the Inner City}},
  author={Anderson, Elijah},
  year={2000},
  publisher={WW Norton \& Company}
}

@article{vandello2008us,
  title={{US Southern and Northern Differences in Perceptions of Norms about Aggression: Mechanisms for the Perpetuation of a Culture of Honor}},
  author={Vandello, Joseph A and Cohen, Dov and Ransom, Sean},
  journal={Journal of Cross-Cultural Psychology},
  volume={39},
  number={2},
  pages={162--177},
  year={2008},
  publisher={Sage Publications Sage CA: Los Angeles, CA}
}

@article{nowak2016evolutionary,
  title={{The Evolutionary Basis of Honor Cultures}},
  author={Nowak, Andrzej and Gelfand, Michele J and Borkowski, Wojciech and Cohen, Dov and Hernandez, Ivan},
  journal={{Psychological Science}},
  volume={27},
  number={1},
  pages={12--24},
  year={2016},
  publisher={Sage Publications Sage CA: Los Angeles, CA}
}

@book{courtwright2009violent,
  title={{Violent Land: Single Men and Social Disorder from the Frontier to the Inner City}},
  author={Courtwright, David T},
  year={2009},
  publisher={Harvard University Press}
}

@book{obert2018six,
  title={{The Six-Shooter State: Public and Private Violence in American Politics}},
  author={Obert, Jonathan},
  year={2018},
  publisher={Cambridge University Press}
}

@book{rohrbough1997days,
  title={{Days of Gold}},
  author={Rohrbough, Malcom J},
  year={1997},
  publisher={University of California Press}
}

@article{horiuchi2022does,
  title={{Does Conjoint Analysis Mitigate Social Desirability Bias?}},
  author={Horiuchi, Yusaku and Markovich, Zachary and Yamamoto, Teppei},
  journal={Political Analysis},
  volume={30},
  number={4},
  pages={535--549},
  year={2022},
  publisher={Cambridge University Press}
}

@inbook{grimm2010social,
  title={{Social Desirability Bias}},
  author={Grimm, Pamela},
  book={Wiley International Encyclopedia of Marketing},
  pages={258-259},
  year={2010},
  publisher={Wiley Online Library}
}

@book{murtazashvili2013political,
  title={{The Political Economy of the American Frontier}},
  author={Murtazashvili, Ilia},
  year={2013},
  publisher={Cambridge University Press}
}

@article{Osorio2019mexico,
  title={{Legacies of Resistance: Mobilization Against Organized Crime in Mexico}},
  author={Osorio, Javier and Schubiger, Livia Isabella and Weintraub, Michael},
  volume={54},
  number={9},
  pages={1565-1596},
  year={2021},
  journal={Comparative Political Studies}
}

@book{willis2015killing,
  title={{The Killing Consensus: Police, Organized Crime, and the Regulation of Life and Death in Urban Brazil}},
  author={Denyer Willis, Graham},
  year={2015},
  publisher={University of California Press}
}

@book{fischer1989albion,
  title={{Albion's Seed: Four British Folkways in America}},
  author={Fischer, David Hackett},
  year={1989},
  publisher={Oxford University Press}
}

@article{weaver2019judge,
  title={{`Judge Lynch' in the Court of Public Opinion: Publicity and the De-Legitimation of Lynching}},
  author={Weaver, Michael},
  journal={American Political Science Review},
  volume={113},
  number={2},
  pages={293--310},
  year={2019},
  publisher={Cambridge University Press}
}

@article{magaloni2020killing,
  title={{Killing in the Slums: Social Order, Criminal Governance, and Police Violence in Rio de Janeiro}},
  author={Magaloni, Beatriz and Franco-Vivanco, Edgar and Melo, Vanessa},
  journal={American Political Science Review},
  volume={114},
  number={2},
  pages={552--572},
  year={2020},
  publisher={Cambridge University Press}
}

@article{magaloni2020institutionalized,
  title={{Institutionalized Police Brutality: Torture, the Militarization of Security, and the Reform of Inquisitorial Criminal Justice in Mexico}},
  author={Magaloni, Beatriz and Rodriguez, Luis},
  journal={American Political Science Review},
  volume={114},
  number={4},
  pages={1013--1034},
  year={2020},
  publisher={Cambridge University Press}
}

@article{jones2017political,
  title={{Political Participation in a Violent Society: The Impact of Lynching on Voter Turnout in the Post-Reconstruction South}},
  author={Jones, Daniel B and Troesken, Werner and Walsh, Randall},
  journal={Journal of Development Economics},
  volume={129},
  pages={29--46},
  year={2017},
  publisher={Elsevier}
}

@article{adinkrah2005vigilante,
  title={{Vigilante Homicides in Contemporary Ghana}},
  author={Adinkrah, Mensah},
  journal={Journal of Criminal Justice},
  volume={33},
  number={5},
  pages={413--427},
  year={2005},
  publisher={Elsevier}
}

@article{pratten2008politics,
  title={{The Politics of Protection: Perspectives on Vigilantism in Nigeria}},
  author={Pratten, David},
  journal={Africa},
  volume={78},
  number={1},
  pages={1--15},
  year={2008},
  publisher={Cambridge University Press}
}

@article{pratten2008thief,
  title={{`The Thief Eats His Shame': Practice and Power in Nigerian Vigilantism}},
  author={Pratten, David},
  journal={Africa},
  pages={64--83},
  year={2008},
  publisher={JSTOR}
}

@article{last2008search,
  title={{The Search for Security in Muslim Northern Nigeria}},
  author={Last, Murray},
  journal={Africa},
  pages={41--63},
  year={2008},
  publisher={JSTOR}
}

@article{fourchard2008new,
  title={{A New Name for an Old Practice: Vigilantes in South-Western Nigeria}},
  author={Fourchard, Laurent},
  journal={Africa: The Journal of the International African Institute},
  volume={78},
  number={1},
  pages={535--558},
  year={2008},
  publisher={Cambridge University Press}
}

@article{grosjean2014history,
  title={{A History of Violence: The Culture of Honor and Homicide in the US South}},
  author={Grosjean, Pauline},
  journal={Journal of the European Economic Association},
  volume={12},
  number={5},
  pages={1285--1316},
  year={2014},
  publisher={Oxford University Press}
}

@article{hunt1920committees,
  title={{The Committees of Vigilance of California}},
  author={Hunt, Rockwell D},
  journal={Annual Publication of the Historical Society of Southern California},
  volume={11},
  number={3},
  pages={30--46},
  year={1920},
  publisher={JSTOR}
}

@article{jensen2020going,
  title={{Going Postal: State Capacity and Violent Dispute Resolution}},
  author={Jensen, Jeffrey L and Ramey, Adam J},
  journal={Journal of Comparative Economics},
  volume={48},
  number={4},
  pages={779--796},
  year={2020},
  publisher={Elsevier}
}

@article{allen2006duel,
  title={{The Duel of Honor: Screening for Unobservable Social Capital}},
  author={Allen, Douglas W and Reed, Clyde G},
  journal={American Law and Economics Review},
  volume={8},
  number={1},
  pages={81--115},
  year={2006},
  publisher={Oxford University Press}
}

@book{brown2016honor,
  title={{Honor Bound: How a Cultural Ideal Has Shaped the American Psyche}},
  author={Brown, Ryan P},
  year={2016},
  publisher={Oxford University Press}
}

@article{arias2006dynamics,
  title={{The Dynamics of Criminal Governance: Networks and Social Order in Rio de Janeiro}},
  author={Arias, Enrique Desmond},
  journal={Journal of Latin American Studies},
  volume={38},
  issue={2},
  pages={293--325},
  year={2006},
  publisher={JSTOR}
}

@book{Barnes2021gang,
  title={{Seeing Like a Gang: How and Why Gangs Govern Rio de Janeiro’s Favelas}},
  author={Nicholas Barnes},
  year={2022},
  publisher={Cambridge University Press}
}

@article{fujii2017talk,
  title={{`Talk of the Town': Explaining Pathways to Participation in Violent Display}},
  author={Fujii, Lee Ann},
  journal={Journal of Peace Research},
  volume={54},
  number={5},
  pages={661--673},
  year={2017},
  publisher={SAGE Publications Sage UK: London, England}
}

@article{schwartzman2020colour,
  title={{Colour Violence, Deadly Geographies, and the Meanings of ``Race'' in Brazil}},
  author={Schwartzman, Luisa Farah},
  journal={Ethnic and Racial Studies},
  volume={43},
  number={6},
  pages={950--975},
  year={2020},
  publisher={Taylor \& Francis}
}

@article{monk2016consequences,
  title={{The Consequences of ``Race and Color'' in Brazil}},
  author={Monk Jr, Ellis P},
  journal={Social Problems},
  volume={63},
  number={3},
  pages={413--430},
  year={2016},
  publisher={Oxford University Press}
}

@article{cordova2020addressing,
  title={{Addressing Violence Against Women: The Effect of Women’s Police Stations on Police Legitimacy}},
  author={C{\'o}rdova, Abby and Kras, Helen},
  journal={Comparative Political Studies},
  volume={53},
  number={5},
  pages={775--808},
  year={2020},
  publisher={SAGE Publications Sage CA: Los Angeles, CA}
}

@book{rushdy2012american,
  title={{American Lynching}},
  author={Rushdy, Ashraf HA},
  year={2012},
  publisher={Yale University Press}
}

@misc{wilke2021gender,
  title={{Gender Gaps in Support for Vigilante Violence}},
  author={Wilke, Anna M and Cooper, Jasper},
  year={2021},
  howpublished={\url{https://anna-wilke.com/Wilke_Cooper_gender_vigilantism.pdf}. Access: May, 2021.}
}

@article{clay2003order,
  title={Order without law? Property rights during the California gold rush},
  author={Clay, Karen and Wright, Gavin},
  journal={Explorations in Economic History},
  volume={42},
  number={2},
  pages={155-183},
  year={2005}
}

@article{kadera2018gendered,
  title={Gendered participation, well-being, and representations in political violence: An introduction},
  author={Kadera, Kelly M and Shair-Rosenfield, Sarah},
  journal={Conflict Management and Peace Science},
  volume={35},
  number={3},
  pages={211--214},
  year={2018},
  publisher={SAGE Publications Sage UK: London, England}
}

@book{ellickson1991order,
  title={Order without law},
  author={Ellickson, Robert C},
  year={1991},
  publisher={Harvard University Press}
}

@article{bernstein1992opting,
  title={Opting out of the legal system: Extralegal contractual relations in the diamond industry},
  author={Bernstein, Lisa},
  journal={The Journal of Legal Studies},
  volume={21},
  number={1},
  pages={115--157},
  year={1992},
  publisher={The University of Chicago Law School}
}

@book{greif2006institutions,
  title={Institutions and the path to the modern economy: Lessons from medieval trade},
  author={Greif, Avner},
  year={2006},
  publisher={Cambridge University Press}
}

@book{leeson2014anarchy,
  title={Anarchy unbound: Why self-governance works better than you think},
  author={Leeson, Peter T},
  year={2014},
  publisher={Cambridge University Press}
}

@article{Cao2021honor,
  title={{Herding, Warfare, and a Culture of Honor:
Global Evidence}},
  author={Yiming Cao and Benjamin Enke and Armin Falk and Paola Giuliano and Nathan Nunn},
  journal={Working Paper},
  year={2021}
}

@article{thrasher2018honor,
  title={Honor and violence},
  author={Thrasher, John and Handfield, Toby},
  journal={Human nature},
  volume={29},
  number={4},
  pages={371--389},
  year={2018},
  publisher={Springer}
}

@article{barnes2021logic,
  title={The Logic of Criminal Territorial Control: Military Intervention in Rio de Janeiro},
  author={Barnes, Nicholas},
  journal={Comparative Political Studies},
  volume={5},
  number={5},
  pages={00104140211036035},
  year={2021},
  publisher={SAGE Publications Sage CA: Los Angeles, CA}
}

@book{north2009violence,
  title={{Violence and Social Orders: A Conceptual Framework for Interpreting Recorded Human History}},
  author={North, Douglass C and Wallis, John Joseph and Weingast, Barry R},
  year={2009},
  publisher={Cambridge University Press}
}

@incollection{besley2011pillars,
  title={{Pillars of Prosperity}},
  author={Besley, Timothy and Persson, Torsten},
  booktitle={Pillars of Prosperity},
  year={2011},
  publisher={Princeton University Press}
}

@article{blair2017predicting,
  title={{Predicting Local Violence: Evidence from a Panel Survey in Liberia}},
  author={Blair, Robert A and Blattman, Christopher and Hartman, Alexandra},
  journal={Journal of Peace Research},
  volume={54},
  number={2},
  pages={298--312},
  year={2017},
  publisher={SAGE Publications Sage UK: London, England}
}

@article{hartman2021engineering,
  title={{Engineering Informal Institutions: Long-Run Impacts of Alternative Dispute Resolution on Violence and Property Rights in Liberia}},
  author={Hartman, Alexandra C and Blair, Robert A and Blattman, Christopher},
  journal={The Journal of Politics},
  volume={83},
  number={1},
  pages={381--389},
  year={2021},
  publisher={The University of Chicago Press Chicago, IL}
}

@book{berg2011globalizing,
  title={{Globalizing Lynching History: Vigilantism and Extralegal Punishment from an International Perspective}},
  author={Berg, Manfred and Wendt, Simon},
  year={2011},
  publisher={Springer}
}

@book{kloppe2020vortex,
  title={{In the Vortex of Violence: Lynching, Extralegal Justice, and the State in Post-Revolutionary Mexico}},
  author={Kloppe-Santamar{\'\i}a, Gema},
  volume={7},
  year={2020},
  publisher={University of California Press}
}

@article{varshney2019modi,
  title={{Modi Consolidates Power: Electoral Vibrancy, Mounting Liberal Deficits}},
  author={Varshney, Ashutosh},
  journal={Journal of Democracy},
  volume={30},
  number={4},
  pages={63--77},
  year={2019},
  publisher={Johns Hopkins University Press}
}

@article{davis2006undermining,
  title={{Undermining the Rule of Law: Democratization and the Dark Side of Police Reform in Mexico}},
  author={Davis, Diane E},
  journal={Latin American politics and society},
  volume={48},
  number={1},
  pages={55--86},
  year={2006},
  publisher={Cambridge University Press}
}

@article{smith2000new,
  title={{A New Era of Homicide Studies? Visions of a Research Agenda for the Next Decade}},
  author={Smith, M Dwayne},
  journal={Homicide Studies},
  volume={4},
  number={1},
  pages={3--17},
  year={2000},
  publisher={Sage Publications, Inc.}
}

@article{goldstein2005flexible,
  title={{Flexible Justice: Neoliberal Violence and `Self-Help' Security in Bolivia}},
  author={Goldstein, Daniel M},
  journal={Critique of Anthropology},
  volume={25},
  number={4},
  pages={389--411},
  year={2005},
  publisher={Sage Publications London, Thousand Oaks, CA and New Delhi}
}

@article{weisburd1988vigilantism,
  title={{Vigilantism as Community Social Control: Developing a Quantitative Criminological Model}},
  author={Weisburd, David},
  journal={Journal of quantitative criminology},
  volume={4},
  number={2},
  pages={137--153},
  year={1988},
  publisher={Springer}
}

@book{weiner2013rule,
  title={{The Rule of the Clan: What an Ancient Form of Social Organization Reveals about the Future of Individual Freedom}},
  author={Weiner, Mark S},
  year={2013},
  publisher={Macmillan}
}

@article{cohen2022collective,
  title={{Collective Vigilantism in Global Comparative Perspective}},
  author={Cohen, Dara Kay and Jung, Danielle F and Weintraub, Michael},
  journal={Comparative Politics},
  year={2022},
  publisher={City University of New York}
}

@article{jacquet2013giles,
  title={{The Giles-Johnson Case and the Changing Politics of Sexual Violence in the 1960s United States}},
  author={Jacquet, Catherine O},
  journal={Journal of Women's History},
  volume={25},
  number={3},
  pages={188--211},
  year={2013},
  publisher={Johns Hopkins University Press}
}

@article{smaangs2020race,
  title={{Race, Gender, and the Rape-Lynching Nexus in the US South, 1881-1930}},
  author={Sm{\aa}ngs, Mattias},
  journal={Social Problems},
  volume={67},
  number={4},
  pages={616--636},
  year={2020},
  publisher={Oxford University Press}
}

@book{vandiver2005lethal,
  title={{Lethal Punishment: Lynchings and Legal Executions in the South}},
  author={Vandiver, Margaret},
  year={2005},
  publisher={New Brunswick: Rutgers University Press}
}

@article{trevizo2022mexico,
  title={{Mexico's Armed Vigilante Movements (2012--2015): The Impact of Low State Capacity and Economic Inequality}},
  author={Trevizo, Dolores},
  journal={Latin American Politics and Society},
  pages={1--25},
  year={2022},
  publisher={Cambridge University Press}
}

@incollection{beck1997race,
  title={{When Race Didn't Matter: Black and White Mob Violence Against Their Own Color}},
  author={Beck, EM and Tolnay, Stewart E},
  booktitle={Under Sentence of Death: Lynching in the South},
  editor={W. Fitzhugh Brundage},
  pages={132--154},
  year={1997},
  publisher={Chapel Hill: University of North Carolina Press}
}

@article{perreault1975controlling,
  title={{Controlling Order-Effect Bias}},
  author={Perreault, William D},
  journal={The Public Opinion Quarterly},
  volume={39},
  number={4},
  pages={544--551},
  year={1975},
  publisher={JSTOR}
}

