@article{cook2012converging,
  title={{Converging to a National Lynching Database: Recent Developments and the Way Forward}},
  author={Cook, Lisa D},
  journal={Historical Methods: A Journal of Quantitative and Interdisciplinary History},
  volume={45},
  number={2},
  pages={55--63},
  year={2012},
  publisher={Taylor \& Francis}
}

@misc{moura2017linchamentos,
  title={{Linchamentos: Quando a População Vira Júri, Juiz e Executor}},
  author={Moura, Isabella Mayer de},
  year={2017},
  howpublished={\url{https://www.gazetadopovo.com.br/ideias/linchamentos-quando-a-populacao-vira-juri-juiz-e-executor-0ro2p3noxihablo8pyh2rohzh}. Access: August, 2020.}
}

@article{godoy2004justice,
  title={{When ``Justice'' is Criminal: Lynchings in Contemporary Latin America}},
  author={Godoy, Angelina Snodgrass},
  journal={Theory and Society},
  volume={33},
  number={6},
  pages={621--651},
  year={2004},
  publisher={Springer}
}

@article{holland2013right,
  title={{Right on Crime? Conservative Party Politics and ``Mano Dura'' Policies in El Salvador}},
  author={Holland, Alisha C},
  journal={Latin American Research Review},
  pages={44--67},
  volume={48},
  number={1},
  year={2013},
  publisher={JSTOR}
}

@misc{barbara2015vigilantes,
  title={{Brazil's Vigilante Lynchings}},
  author={Vanessa Barbara},
  year={2015},
  howpublished={\url{http://nytimes.com/2015/08/14/opinion/vanessa-barbara-brazil-vigilante-lynchings.html}. Access: June, 2020.}
}

@misc{mallen2014vigilantes,
  title={{As Mexico Cracks Down, Vigilantes Are On The Rise In Latin America}},
  author={Patricia Mallén},
  year={2014},
  howpublished={\url{https://www.ibtimes.com/mexico-cracks-down-vigilantes-are-rise-latin-america-1573156}. Access: June, 2020.}
}

@misc{garcia2019anger,
  title={{Anger and Support for Retribution in Mexico's Drug War}},
  author={Garc{\'\i}a-Ponce, Omar and Young, Lauren and Zeitzoff, Thomas},
  year={2019},
  howpublished={\url{http://www.laurenelyssayoung.com/wp-content/uploads/2018/08/Mexico_ViolenceAnger_Article_v4.pdf}. Access: June, 2020.}
}

@misc{oliveira2016mob,
  title={{Brazil Grapples with Lynch Mob Epidemic: `A Good Criminal is a Dead Criminal'}},
  author={Oliveira, Cleuci},
  year={2016},
  howpublished={\url{https://www.theguardian.com/world/2016/dec/06/brazil-lynch-mobs-vigilante-justice-fortaleza}. Access: June, 2020.}
}

@misc{phillips2018homicides,
  title={{'A Devastating Scenario': Brazil Sets New Record for Homicides at 63,880 Deaths}},
  author={Dom Phillips},
  year={2018},
  howpublished={\url{https://www.theguardian.com/world/2018/aug/09/brazil-sets-new-record-for-homicides-63880-deaths}. Access: June, 2020.}
}

@misc{pearson2018latam,
  title={{In Latin America, Awash in Crime, Citizens Impose Their Own Brutal Justice}},
  author={Samantha Pearson and Luciana Magalhaes},
  year={2018},
  howpublished={\url{https://www.wsj.com/articles/in-a-continent-awash-in-crime-citizens-impose-their-own-brutal-justice-1544110959}. Access: June, 2020.}
}

@book{zechmeister2014political,
  title={{The Political Culture of Democracy in the Americas, 2014: Democratic Governance across 10 Years of the AmericasBarometer}},
  author={Zechmeister, Elizabeth J},
  year={2014},
  publisher={LAPOP/Vanderbilt University}
}

@article{zizumbo2017community,
  title={{Community, Authorities, and Support for Vigilantism: Experimental Evidence}},
  author={Zizumbo-Colunga, Daniel},
  journal={Political Behavior},
  volume={39},
  number={4},
  pages={989--1015},
  year={2017},
  publisher={Springer}
}

@article{ceobanu2011crime,
  title={{Crime Victimization and Public Support for Democracy: Evidence from Latin America}},
  author={Ceobanu, Alin M and Wood, Charles H and Ribeiro, Ludmila},
  journal={International Journal of Public Opinion Research},
  volume={23},
  number={1},
  pages={56--78},
  year={2011},
  publisher={Oxford University Press}
}

@incollection{arias2010violent,
  title={{Violent Pluralism: Understanding the New Democracies of Latin America}},
  author={Arias, Enrique Desmond and Goldstein, Daniel M},
  journal={Violent Democracies in Latin America},
  pages={1--34},
  editor={Enrique D. Arias and Daniel M. Goldstein},
  year={2010},
  publisher={Durham: Duke University Press}
}

@article{nivette2016institutional,
  title={{Institutional Ineffectiveness, Illegitimacy, and Public Support for Vigilantism in Latin America}},
  author={Nivette, Amy E},
  journal={Criminology},
  volume={54},
  number={1},
  pages={142--175},
  year={2016},
  publisher={Wiley Online Library}
}

@article{schuberth2013challenging,
  title={{Challenging the Weak States Hypothesis: Vigilantism in South Africa and Brazil}},
  author={Schuberth, Moritz},
  journal={Journal of Peace, Conflict \& Development},
  number={20},
  pages={38--51},
  year={2013}
}

@article{moncada2017varieties,
  title={{Varieties of Vigilantism: Conceptual Discord, Meaning and Strategies}},
  author={Moncada, Eduardo},
  journal={Global Crime},
  volume={18},
  number={4},
  pages={403--423},
  year={2017},
  publisher={Taylor \& Francis}
}

@article{black1983crime,
  title={{Crime As Social Control}},
  author={Black, Donald},
  journal={American Sociological Review},
  volume={48},
  number={1},
  pages={34--45},
  year={1983}
}

@misc{leeper2018cregg,
  title = {{cregg: Simple Conjoint Analyses and Visualization}},
  author = {Thomas J. Leeper},
  year = {2018},
  note = {R package version 0.3.0},
  howpublished = {\url{https://thomasleeper.com/cregg}. Access: June, 2020.}
}

@misc{rstats2019,
    title = {{R: A Language and Environment for Statistical Computing}},
    author = {{R Core Team}},
    organization = {R Foundation for Statistical Computing},
    address = {Vienna, Austria},
    year = {2018},
    howpublished = {\url{https://www.R-project.org}. Access: June, 2020.},
  }

@misc{leeper2018subgroup,
    title = {{Measuring Subgroup Preferences in Conjoint Experiments}},
    author = {Leeper, Thomas J. and Hobolt, Sara B. and Tilley, James},
    journal = {Political Analysis},
    year = {2018},
    howpublished = {\href{https://bit.ly/2E5oKSq}{\texttt{https://bit.ly/2E5oKSq}}. Access: June, 2020.}
}

@article{smaangs2016doing,
  title={{Doing Violence, Making Race: Southern Lynching and White Racial Group Formation}},
  author={Sm{\aa}ngs, Mattias},
  journal={American Journal of Sociology},
  volume={121},
  number={5},
  pages={1329--1374},
  year={2016},
  publisher={University of Chicago Press Chicago, IL}
}

@book{wood2011lynching,
  title={{Lynching and Spectacle: Witnessing Racial Violence in America, 1890-1940}},
  author={Wood, Amy Louise},
  year={2011},
  publisher={University of North Carolina Press}
}

@book{tolnay1995festival,
  title={{A Festival of Violence: An Analysis of Southern Lynchings, 1882-1930}},
  author={Tolnay, Stewart Emory and Beck, Elwood M},
  year={1995},
  publisher={University of Illinois Press}
}

@misc{zizumbo2010explaining,
  title={{Explaining Support for Vigilante Justice in Mexico}},
  author={Zizumbo-Colunga, Daniel},
  howpublished={\url{https://www.vanderbilt.edu/lapop/insights/I0839en.pdf}. Access: June, 2020.},
  year={2010}
}

@article{cruz2019determinants,
  title={{Determinants of Support for Extralegal Violence in Latin America and the Caribbean}},
  author={Cruz, Jos{\'e} Miguel and Kloppe-Santamar{\'\i}a, Gema},
  journal={Latin American Research Review},
  volume={54},
  number={1},
  pages={50--68},
  year={2019},
  publisher={Latin American Studies Association}
}

@article{sousa2005utilizaccao,
  title={{A Utiliza{\c{c}}{\~a}o da Media{\c{c}}{\~a}o de Conflitos no Processo Judicial}},
  author={Sousa, L{\'\i}lia Almeida},
  journal={Revista do Tribunal Regional Federal da 1a Região},
  volume={17},
  number={1},
  pages={55-64},
  year={2005}
}

@article{pion2017armed,
  title={{Armed Forces, Police and Crime-Fighting in Latin America}},
  author={Pion-Berlin, David and Carreras, Miguel},
  journal={Journal of Politics in Latin America},
  volume={9},
  number={3},
  pages={3--26},
  year={2017},
  publisher={SAGE Publications Sage UK: London, England}
}

@misc{muggah2018mano,
  title={{Mano Dura: The Costs and Benefits of Repressive Criminal Justice for Young People in Latin America}},
  author={Muggah, Robert and Garz{\'o}n, Juan Carlos and Su{\'a}rez, Manuela},
  year={2018},
  publisher={Rio de Janeiro: Igarap{\'e} Institute. https://igarape. org. br/wp-content~…}
}
